@Article{art1,
  author =       "Author Name",
  title =        "Book Title",
  journal =      "Lecture Notes in Autonomous System",
  volume =       "1001",
  publisher =    "UFO",
  pages =        "900--921",
  year =         "2003",
  coden =        "LNCSD9",
  ISSN =         "0302-2345",
  bibdate =      "Sat Dec 7 10:05:42 MST 2003",
}



% sensor fusion definition
@misc{sensor_fusion,
  title   = {Sensor Fusion},
  url     = {https://www.automotive-iq.com/autonomous-drive/articles/sensor-fusion-technical-challenges-for-level-4-5-self-driving-vehicles},
  year    = {2022},
  author  = {Cristian Tangemann},
  urldate = {28.09.2022},
  note    = {Accessed on 29.09.2022}
},

% figure 1
@misc{willems_2021,
  title   = {A DSP for implementing high-performance sensor fusion on an embedded budget},
  url     = {https://semiengineering.com/a-dsp-for-implementing-high-performance-sensor-fusion-on-an-embedded-budget/},
  journal = {Semiconductor Engineering},
  author  = {Willems, Markus},
  year    = {2021},
  month   = {Nov}
}
 
% figure 2 and 3
  @misc{Sensor_modality_characteristics_1,
title   = {Sensor Fusion for Autonomous Vehicles: Strategies, Methods, and Tradeoffs },
url     = {https://youtu.be/2Fcmh7SLPBI},
year    = {2022},
author  = {robert lagani√®re},
urldate = {18.12.2022},
note    = {Accessed on 18.12.2022}
},

% What is the topic?
@misc{sensor_fusion_2,
title   = {Real-Time Sensor Fusion Challenge},
url     = {https://www.analog.com/en/education/landing-pages/001/real-time-sensor-fusion-challenge.html},
year    = {2022},
author  = {Dan Leibholz},
urldate = {28.09.2022},
note    = {Accessed on 29.09.2022}
},

% What is the topic?
@misc{sensor_fusion_3,
title   = {Sensor Fusion Challenges},
url     = {https://semiengineering.com/sensor-fusion-challenges-in-cars/},
year    = {2022},
author  = {Ann Steffora Mutschler},
urldate = {28.09.2022},
note    = {Accessed on 29.09.2022}
},